@article{TajfelTurner1986,
  author = {Tajfel, Henri and Turner, John C.},
  title = {The Social Identity Theory of Intergroup Behavior},
  journal = {Psychology of Intergroup Relations},
  volume = {5},
  number = {1},
  pages = {7-24},
  year = {1986},
}

@article{CarronEtAl1998,
  author = {Carron, Albert V. and Brawley, Lawrence R. and Widmeyer, Wendi N.},
  title = {The Measurement of Cohesion in Sport Teams: The Group Environment Questionnaire},
  journal = {Sports Medicine},
  volume = {8},
  number = {4},
  pages = {213-216},
  year = {1998},
}

@book{Bass1985,
  author = {Bass, Bernard M.},
  title = {Leadership and Performance Beyond Expectations},
  publisher = {Free Press},
  year = {1985},
}

@article{Jehn1995,
  author = {Jehn, Karen A.},
  title = {A Multimethod Examination of the Benefits and Detriments of Intragroup Conflict},
  journal = {Administrative Science Quarterly},
  volume = {40},
  number = {2},
  pages = {256-282},
  year = {1995},
}

@book{Goleman1998,
  author = {Goleman, Daniel},
  title = {Working with Emotional Intelligence},
  publisher = {Bantam Books},
  year = {1998},
}

@article{Edmondson1999,
  author = {Edmondson, Amy C.},
  title = {Psychological Safety and Learning Behavior in Work Teams},
  journal = {Administrative Science Quarterly},
  volume = {44},
  number = {2},
  pages = {350-383},
  year = {1999},
}

@book{SalasEtAl2008,
  author = {Salas, Eduardo and Goodwin, Gerald F. and Burke, C. Shawn},
  title = {Team Effectiveness in Complex Organizations: Cross-Disciplinary Perspectives and Approaches},
  publisher = {Routledge},
  year = {2008},
}

@book{Sawyer2006,
  author = {Sawyer, R. Keith},
  title = {Explaining Creativity: The Science of Human Innovation},
  publisher = {Oxford University Press},
  year = {2006},
}

